Details,Posting Date,Description,Amount,Type,Balance,Check or Slip #
DEBIT,08/07/2025,"ZELLE PAYMENT TO ALEXIS S. JPM99BILE85K",-5.00,CHASE_TO_PARTNERFI, ,,
DEBIT,08/07/2025,"ZELLE PAYMENT TO JUANCHO 25769514879",-3000.00,QUICKPAY_DEBIT, ,,
CREDIT,08/04/2025,"Online Transfer from SAV ...9000 transaction#: 25705354297",3000.00,ACCT_XFER,6395.39,,
CREDIT,07/31/2025,"PAYROLL ST OF CA CA PAYROLL                 PPD ID: 9111113698",3088.87,ACH_CREDIT,3395.39,,
DEBIT,07/14/2025,"CHASE CREDIT CRD AUTOPAY                    PPD ID: 4760039224",-15.20,ACH_DEBIT,306.52,,
DEBIT,07/08/2025,"Online Transfer to  SAV ...9000 transaction#: 25033139293",-500.00,ACCT_XFER,321.72,,
CREDIT,07/03/2025,"Zelle payment from Nazmul Muzahid USB56txnK5qb",18.00,PARTNERFI_TO_CHASE,821.72,,
DEBIT,07/01/2025,"Zelle payment to Juancho 25328735128",-3000.00,QUICKPAY_DEBIT,803.72,,
CREDIT,07/01/2025,"PAYROLL ST OF CA CA PAYROLL                 PPD ID: 9111113698",3088.87,ACH_CREDIT,3803.72,,
DEBIT,06/12/2025,"Payment to Chase card ending in 4009 06/12",-90.28,LOAN_PMT,714.85,,
CREDIT,06/12/2025,"Zelle payment from Alexis Saldivar Garcia USBMyhBnE80w",21.50,PARTNERFI_TO_CHASE,805.13,,
DEBIT,06/06/2025,"Online Transfer to  SAV ...9000 transaction#: 24691183621",-500.00,ACCT_XFER,783.63,,
DEBIT,06/03/2025,"Zelle payment to Juancho 25000140228",-5000.00,QUICKPAY_DEBIT,1283.63,,
DEBIT,06/02/2025,"DOMESTIC INCOMING WIRE FEE",-15.00,FEE_TRANSACTION,6283.63,,
DEBIT,06/02/2025,"Zelle payment to Juancho 24986836214",-5000.00,QUICKPAY_DEBIT,6298.63,,
DEBIT,06/02/2025,"Zelle payment to Juancho 24974557197",-3000.00,QUICKPAY_DEBIT,11298.63,,
CREDIT,06/02/2025,"PAYROLL ST OF CA CA PAYROLL                 PPD ID: 9111113698",3088.87,ACH_CREDIT,14298.63,,
CREDIT,06/02/2025,"FEDWIRE CREDIT VIA: THE BANK OF NEW YORK MELLON/021000018 B/O: 1/GEORGINA GABRIELA CANTO ENCALA 3/MX/MEXICO REF: CHASE NYC/CTR/BNF=GEORGINA GABRIELA CANTO ENCALADA SAN DIEGO CA 92108- 1559 US/AC-000000005198 RFB=O/B BK OF NYC OBI=RENTA BBI=/CHGS/USD0,00/OCMT/MXN180000,0/EXCH/19,84314/BNF/LESS FEES IMAD: 0602B1Q8152C000380 TRN: 0050521153FF",9061.14,WIRE_INCOMING,11209.76,,
DEBIT,05/16/2025,"Payment to Chase card ending in 4009 05/16",-88.63,LOAN_PMT,2148.62,,
CREDIT,05/16/2025,"SDSU FOUNDATION  INVOICE                    PPD ID: 9892782001",1315.98,ACH_CREDIT,2237.25,,
DEBIT,05/12/2025,"Payment to Chase card ending in 4009 05/12",-448.52,LOAN_PMT,921.27,,
DEBIT,05/08/2025,"Online Transfer to  SAV ...9000 transaction#: 24340361999",-500.00,ACCT_XFER,1369.79,,
DEBIT,05/02/2025,"Zelle payment to Juancho 24627882295",-2500.00,QUICKPAY_DEBIT,1869.79,,
CREDIT,05/01/2025,"PAYROLL ST OF CA CA PAYROLL                 PPD ID: 9111113698",3088.87,ACH_CREDIT,4369.79,,
DEBIT,04/30/2025,"Payment to Chase card ending in 4009 04/30",-291.98,LOAN_PMT,1280.92,,
DEBIT,04/08/2025,"Online Transfer to  SAV ...9000 transaction#: 23971045951",-500.00,ACCT_XFER,1572.90,,
DEBIT,04/07/2025,"Payment to Chase card ending in 4009 04/07",-1094.88,LOAN_PMT,2072.90,,
DEBIT,04/01/2025,"Payment to Chase card ending in 4009 04/01",-337.41,LOAN_PMT,3167.78,,
DEBIT,04/01/2025,"Zelle payment to Juancho 24259076784",-3000.00,QUICKPAY_DEBIT,3505.19,,
CREDIT,04/01/2025,"PAYROLL ST OF CA CA PAYROLL                 PPD ID: 9111113698",3088.87,ACH_CREDIT,6505.19,,
DEBIT,03/24/2025,"JULIAN PIE COMPANY LLC JULIAN CA             03/22",-33.11,DEBIT_CARD,3416.32,,
DEBIT,03/07/2025,"Online Transfer to  SAV ...9000 transaction#: 23647289852",-500.00,ACCT_XFER,3449.43,,
CREDIT,03/03/2025,"PAYROLL ST OF CA CA PAYROLL                 PPD ID: 9111113698",3088.87,ACH_CREDIT,3949.43,,
DEBIT,02/13/2025,"Zelle payment to Jenna Armstrong JPM99ay0twhs",-16.00,CHASE_TO_PARTNERFI,860.56,,
DEBIT,02/07/2025,"Online Transfer to  SAV ...9000 transaction#: 23318188202",-500.00,ACCT_XFER,876.56,,
DEBIT,02/03/2025,"Zelle payment to Juancho 23581636457",-3000.00,QUICKPAY_DEBIT,1376.56,,
CREDIT,01/31/2025,"PAYROLL ST OF CA CA PAYROLL                 PPD ID: 9111113698",2858.64,ACH_CREDIT,4376.56,,
DEBIT,01/08/2025,"Online Transfer to  SAV ...9000 transaction#: 22958834403",-500.00,ACCT_XFER,1517.92,,
DEBIT,01/07/2025,"MTA*NYCT PAYGO NEW YORK NY                   01/07",-2.90,DEBIT_CARD,2017.92,,
DEBIT,01/03/2025,"Zelle payment to Juancho 23270970704",-3000.00,QUICKPAY_DEBIT,2020.82,,
CREDIT,01/02/2025,"PAYROLL ST OF CA CA PAYROLL                 PPD ID: 9111113698",2858.64,ACH_CREDIT,5020.82,,
DEBIT,12/23/2024,"FACULTY STAFF CLUB 472 619-5947611 CA        12/19",-16.00,DEBIT_CARD,2162.18,,
DEBIT,12/19/2024,"AZTEC MARKET BELL PAVI 619-5947611 CA        12/17",-3.49,DEBIT_CARD,2178.18,,
DEBIT,12/18/2024,"TRADER JOE S #22 TRADE SAN DIEGO CA  709212  12/18",-11.47,DEBIT_CARD,2181.67,,
DEBIT,12/16/2024,"AZTEC MARKET BELL PAVI 619-5947611 CA        12/12",-5.69,DEBIT_CARD,2193.14,,
DEBIT,12/13/2024,"AZTEC MARKET BELL PAVI 619-5947611 CA        12/11",-0.49,DEBIT_CARD,2198.83,,
DEBIT,12/12/2024,"7-ELEVEN SAN DIEGO CA                        12/12",-11.28,DEBIT_CARD,2199.32,,
DEBIT,12/12/2024,"TRADER JOE S #22 TRADE SAN DIEGO CA  341663  12/12",-40.31,DEBIT_CARD,2210.60,,
DEBIT,12/12/2024,"SDSU BOOKSTORE 304 SAN DIEGO CA      193130  12/12",-5.39,DEBIT_CARD,2250.91,,
DEBIT,12/11/2024,"AZTEC MARKET BELL PAVI 619-5947611 CA        12/09",-5.69,DEBIT_CARD,2256.30,,
DEBIT,12/09/2024,"Zelle payment to Daniel Caro 22971112898",-1.00,QUICKPAY_DEBIT,2261.99,,
DEBIT,12/09/2024,"AZTEC MARKET BELL PAVI 619-5947611 CA        12/06",-0.54,DEBIT_CARD,2262.99,,
DEBIT,12/09/2024,"TST* BABA'S PIZZA - SDS SAN DIEGO CA         12/06",-12.92,DEBIT_CARD,2263.53,,
DEBIT,12/06/2024,"Online Transfer to  SAV ...9000 transaction#: 22650700015",-500.00,ACCT_XFER,2276.45,,
CREDIT,12/06/2024,"Zelle payment from ALEXIS SALDIVAR GARCIA USBhPlMjSIg2",6.50,PARTNERFI_TO_CHASE,2776.45,,
DEBIT,12/05/2024,"AZTEC MARKET BELL PAVI 619-5947611 CA        12/03",-2.99,DEBIT_CARD,2769.95,,
DEBIT,12/04/2024,"T.J. MAXX 8550 RIO SAN SAN DIEGO CA          12/04",-48.44,DEBIT_CARD,2772.94,,
DEBIT,12/02/2024,"TRADER JOE S #22 TRADE SAN DIEGO CA  112542  12/02",-27.49,DEBIT_CARD,2821.38,,
DEBIT,12/02/2024,"Zelle payment to Juancho 22900819268",-2000.00,QUICKPAY_DEBIT,2848.87,,
DEBIT,12/02/2024,"TARGET T- 1288 CAMINO SAN DIEGO CA           11/30",-54.20,DEBIT_CARD,4848.87,,
CREDIT,12/02/2024,"PAYROLL ST OF CA CA PAYROLL                 PPD ID: 9111113698",2851.18,ACH_CREDIT,4903.07,,
DEBIT,11/29/2024,"FACULTY STAFF CLUB 472 619-5947611 CA        11/27",-32.00,DEBIT_CARD,2051.89,,
DEBIT,11/29/2024,"AZTEC MARKET BELL PAVI 619-5947611 CA        11/26",-0.54,DEBIT_CARD,2083.89,,
DEBIT,11/27/2024,"TARGET        00014100 SAN DIEGO CA          11/26",-1.49,DEBIT_CARD,2084.43,,
DEBIT,11/26/2024,"TARGET T- 1288 CAMINO SAN DIEGO CA           11/26",-139.96,DEBIT_CARD,2085.92,,
DEBIT,11/26/2024,"SDSU BOOKSTORE 304 SAN DIEGO CA      110930  11/26",-5.39,DEBIT_CARD,2225.88,,
DEBIT,11/25/2024,"TRADER JOE S #22 TRADE SAN DIEGO CA  217704  11/25",-25.28,DEBIT_CARD,2231.27,,
DEBIT,11/25/2024,"AZTEC MARKET BELL PAVI 619-5947611 CA        11/22",-5.69,DEBIT_CARD,2256.55,,
DEBIT,11/25/2024,"FACULTY STAFF CLUB 472 619-5947611 CA        11/21",-36.00,DEBIT_CARD,2262.24,,
DEBIT,11/20/2024,"FACULTY STAFF CLUB 472 619-5947611 CA        11/18",-16.00,DEBIT_CARD,2298.24,,
DEBIT,11/18/2024,"AZTEC MARKET BELL PAVI 619-5947611 CA        11/14",-2.99,DEBIT_CARD,2314.24,,
DEBIT,11/14/2024,"TST* BABA'S PIZZA - SDS SAN DIEGO CA         11/14",-16.67,DEBIT_CARD,2317.23,,
DEBIT,11/12/2024,"Zelle payment to Juancho 22674816208",-3000.00,QUICKPAY_DEBIT,2333.90,,
DEBIT,11/12/2024,"FACULTY STAFF CLUB 472 619-5947611 CA        11/07",-16.00,DEBIT_CARD,5333.90,,
DEBIT,11/08/2024,"Online Transfer to  SAV ...9000 transaction#: 22313189306",-500.00,ACCT_XFER,5349.90,,
DEBIT,11/07/2024,"TRADER JOE S #22 TRADE SAN DIEGO CA  840211  11/07",-20.34,DEBIT_CARD,5849.90,,
DEBIT,11/07/2024,"IN-N-OUT SDMISSIONVALL SAN DIEGO CA          11/06",-9.32,DEBIT_CARD,5870.24,,
DEBIT,11/07/2024,"AZTEC MARKET BELL PAVI 619-5947611 CA        11/05",-8.99,DEBIT_CARD,5879.56,,
DEBIT,11/01/2024,"AZTEC MARKET BELL PAVI 619-5947611 CA        10/30",-2.49,DEBIT_CARD,5888.55,,
DEBIT,10/31/2024,"Zelle payment to Daniel Caro 22557376421",-13.00,QUICKPAY_DEBIT,5891.04,,
CREDIT,10/31/2024,"PAYROLL ST OF CA CA PAYROLL                 PPD ID: 9111113698",2851.18,ACH_CREDIT,5904.04,,
DEBIT,10/30/2024,"FACULTY STAFF CLUB 472 619-5947611 CA        10/28",-16.00,DEBIT_CARD,3052.86,,
DEBIT,10/28/2024,"ROSS STORES #257 SAN DIEGO CA                10/27",-80.77,DEBIT_CARD,3068.86,,
CREDIT,10/23/2024,"PAYROLL ST OF CA CA PAYROLL                 PPD ID: 9111113698",2649.85,ACH_CREDIT,3149.63,,
DEBIT,10/18/2024,"AZTEC MARKET BELL PAVI 619-5947611 CA        10/16",-5.98,DEBIT_CARD,499.78,,
DEBIT,10/15/2024,"TST*II GIARDINO DI LILL San Diego CA         10/13",-20.06,DEBIT_CARD,505.76,,
CREDIT,10/15/2024,"Online Transfer from SAV ...9000 transaction#: 22375352270",200.00,ACCT_XFER,525.82,,
DEBIT,10/11/2024,"MONTHLY SERVICE FEE",-12.00,FEE_TRANSACTION,325.82,,
DEBIT,10/11/2024,"Zelle payment to Alexis S. JPM99ap8ek11",-7.00,CHASE_TO_PARTNERFI,337.82,,
DEBIT,10/11/2024,"TST*JAMAL CHICKEN - SDS San Diego CA         10/10",-8.61,DEBIT_CARD,344.82,,
DEBIT,10/11/2024,"FACULTY STAFF CLUB 472 619-5947611 CA        10/09",-16.00,DEBIT_CARD,353.43,,
DEBIT,10/10/2024,"FACULTY STAFF CLUB 472 619-5947611 CA        10/08",-16.00,DEBIT_CARD,369.43,,
DEBIT,10/09/2024,"AZTEC MARKET BELL PAVI 619-5947611 CA        10/07",-2.49,DEBIT_CARD,385.43,,
DEBIT,10/09/2024,"AZTEC MARKET BELL PAVI 619-5947611 CA        10/07",-4.49,DEBIT_CARD,387.92,,
DEBIT,10/07/2024,"SDSU BOOKSTORE 304 SAN DIEGO CA      190055  10/07",-10.78,DEBIT_CARD,392.41,,
DEBIT,10/07/2024,"T.J. MAXX #1476 SAN DIEGO CA                 10/06",-44.15,DEBIT_CARD,403.19,,
DEBIT,10/07/2024,"Zelle payment to Juancho 22288162729",-2000.00,QUICKPAY_DEBIT,447.34,,
CREDIT,10/07/2024,"Online Transfer from SAV ...9000 transaction#: 22288141348",2000.00,ACCT_XFER,2447.34,,
DEBIT,10/04/2024,"TST*JAMAL CHICKEN - SDS San Diego CA         10/03",-8.61,DEBIT_CARD,447.34,,
DEBIT,10/04/2024,"AZTEC MARKET BELL PAVI 619-5947611 CA        10/02",-2.99,DEBIT_CARD,455.95,,
DEBIT,10/03/2024,"FACULTY STAFF CLUB 472 619-5947611 CA        10/01",-16.00,DEBIT_CARD,458.94,,
DEBIT,10/02/2024,"REGAL CINEMAS INC 877-835-5734 TN            10/02",-21.76,DEBIT_CARD,474.94,,
DEBIT,09/30/2024,"TST*JAMAL CHICKEN - SDS San Diego CA         09/27",-8.61,DEBIT_CARD,496.70,,
DEBIT,09/30/2024,"FACULTY STAFF CLUB 472 619-5947611 CA        09/26",-32.00,DEBIT_CARD,505.31,,
DEBIT,09/30/2024,"ROSS STORE #348 SAN DIEGO CA                 09/27",18.31,DEBIT_CARD,537.31,,
DEBIT,09/25/2024,"AZTEC MARKET BELL PAVI 619-5947611 CA        09/23",-4.49,DEBIT_CARD,519.00,,
DEBIT,09/23/2024,"AZTEC MARKET ASU 802 619-5947611 CA          09/20",-2.99,DEBIT_CARD,523.49,,
DEBIT,09/23/2024,"AZTEC MARKET BELL PAVI 619-5947611 CA        09/19",-2.49,DEBIT_CARD,526.48,,
DEBIT,09/19/2024,"SDSU BOOKSTORE 304 SAN DIEGO CA      569926  09/19",-63.57,DEBIT_CARD,528.97,,
DEBIT,09/19/2024,"SDSU BOOKSTORE 304 SAN DIEGO CA      030111  09/19",-16.16,DEBIT_CARD,592.54,,
DEBIT,09/19/2024,"FACULTY STAFF CLUB 472 619-5947611 CA        09/17",-16.00,DEBIT_CARD,608.70,,
DEBIT,09/16/2024,"TRADER JOE S #22 TRADE SAN DIEGO CA  617961  09/16",-14.56,DEBIT_CARD,624.70,,
DEBIT,09/16/2024,"RALPHS #0077 SAN DIEGO CA                    09/15",-89.74,DEBIT_CARD,639.26,,
DEBIT,09/16/2024,"NORTHGATE MARKET #036 SAN DIEGO CA   963575  09/15",-8.72,DEBIT_CARD,729.00,,
DEBIT,09/16/2024,"NORTHGATE MARKET #036 SAN DIEGO CA   959274  09/15",-59.08,DEBIT_CARD,737.72,,
DEBIT,09/16/2024,"AZTEC MARKET BELL PAVI 619-5947611 CA        09/13",-3.99,DEBIT_CARD,796.80,,
DEBIT,09/12/2024,"Zelle payment to Juancho 22035907777",-3000.00,QUICKPAY_DEBIT,800.79,,
DEBIT,09/12/2024,"AZTEC MARKET BELL PAVI 619-5947611 CA        09/10",-4.19,DEBIT_CARD,3800.79,,
CREDIT,09/12/2024,"PAYROLL ST OF CA CA PAYROLL                 PPD ID: 9111113698",107.01,ACH_CREDIT,3804.98,,
DEBIT,09/11/2024,"FACULTY STAFF CLUB 472 619-5947611 CA        09/09",-16.00,DEBIT_CARD,3697.97,,
CREDIT,09/11/2024,"Zelle payment from ALEXIS SALDIVAR GARCIA USBYFgTjuhS4",32.30,PARTNERFI_TO_CHASE,3713.97,,
DEBIT,09/09/2024,"T.J. MAXX #1476 SAN DIEGO CA                 09/08",-13.98,DEBIT_CARD,3681.67,,
DEBIT,09/09/2024,"ROSS STORE #348 SAN DIEGO CA                 09/06",-47.47,DEBIT_CARD,3695.65,,
DEBIT,09/09/2024,"AZTEC MARKET BELL PAVI 619-5947611 CA        09/06",-4.19,DEBIT_CARD,3743.12,,
DEBIT,09/06/2024,"Zelle payment to Juancho 21976772218",-3000.00,QUICKPAY_DEBIT,3747.31,,
DEBIT,09/06/2024,"Online Transfer to  SAV ...9000 transaction#: 21661446767",-500.00,ACCT_XFER,6747.31,,
DEBIT,09/05/2024,"RUBIO'S #190 SAN DIEGO CA                    09/04",-9.69,DEBIT_CARD,7247.31,,
DEBIT,09/03/2024,"AZTEC MARKET BELL PAVI 619-5947611 CA        08/30",-2.49,DEBIT_CARD,7257.00,,
DEBIT,09/03/2024,"AZTEC MARKET BELL PAVI 619-5947611 CA        08/30",-3.99,DEBIT_CARD,7259.49,,
DEBIT,09/03/2024,"FACULTY STAFF CLUB 472 619-5947611 CA        08/29",-16.00,DEBIT_CARD,7263.48,,
CREDIT,08/30/2024,"PAYROLL ST OF CA CA PAYROLL                 PPD ID: 9111113698",2430.14,ACH_CREDIT,7279.48,,
DEBIT,08/28/2024,"AZTEC MARKET BELL PAVI 619-5947611 CA        08/26",-4.49,DEBIT_CARD,4849.34,,
DEBIT,08/26/2024,"AZTEC MARKET BELL PAVI 619-5947611 CA        08/22",-2.99,DEBIT_CARD,4853.83,,
DEBIT,08/23/2024,"SDSU 619-5941539 CA                          08/22",-7.42,DEBIT_CARD,4856.82,,
CREDIT,08/22/2024,"PAYROLL ST OF CA CA PAYROLL                 PPD ID: 9111113698",111.07,ACH_CREDIT,4864.24,,
DEBIT,08/21/2024,"HABIT SDSU #99 SAN DIEGO CA                  08/20",-14.75,DEBIT_CARD,4753.17,,
DEBIT,08/15/2024,"FACULTY STAFF CLUB 472 619-5947611 CA        08/13",-48.00,DEBIT_CARD,4767.92,,
DEBIT,08/15/2024,"FACULTY STAFF CLUB 472 619-5947611 CA        08/13",-16.00,DEBIT_CARD,4815.92,,
CREDIT,08/14/2024,"PAYROLL ST OF CA CA PAYROLL                 PPD ID: 9111113698",2142.12,ACH_CREDIT,4831.92,,
DEBIT,08/08/2024,"Online Transfer to  SAV ...9000 transaction#: 21340962418",-500.00,ACCT_XFER,2689.80,,
DEBIT,08/02/2024,"Zelle payment to Juancho 21606867208",-3000.00,QUICKPAY_DEBIT,3189.80,,
CREDIT,07/31/2024,"PAYROLL ST OF CA CA PAYROLL                 PPD ID: 9111113698",2401.73,ACH_CREDIT,6189.80,,
DEBIT,07/29/2024,"FOREIGN EXCHANGE RATE ADJUSTMENT FEE         07/28F BAZAR M",-0.39,FEE_TRANSACTION,3788.07,,
DEBIT,07/29/2024,"FOREIGN EXCHANGE RATE ADJUSTMENT FEE         07/28MISC TERE",-0.46,FEE_TRANSACTION,3788.46,,
DEBIT,07/29/2024,"MISC TERE CAZOLA FCO M MERIDA YUC            07/28 MX Nu Peso 285.00 X 0.05466667 (EXCHG RTE)",-15.58,DEBIT_CARD,3788.92,,
DEBIT,07/29/2024,"F BAZAR MID MONTEJO 3 MERIDA YUC             07/28 MX Nu Peso 238.01 X 0.05466157 (EXCHG RTE)",-13.01,DEBIT_CARD,3804.50,,
DEBIT,07/29/2024,"FACULTY STAFF CLUB 472 619-5947611 CA        07/26",-16.00,DEBIT_CARD,3817.51,,
DSLIP,07/25/2024,"REMOTE ONLINE DEPOSIT #          1",79.24,CHECK_DEPOSIT,3833.51,1,
DEBIT,07/24/2024,"RALPHS #0077 SAN DIEGO CA                    07/23",-36.34,DEBIT_CARD,3754.27,,
DEBIT,07/24/2024,"AZTEC MARKET BELL PAVI 619-5947611 CA        07/22",-1.39,DEBIT_CARD,3790.61,,
DEBIT,07/22/2024,"Zelle payment to Mara Paula vila Garca JPM99akq3x33",-12.00,CHASE_TO_PARTNERFI,3792.00,,
DEBIT,07/22/2024,"FACULTY STAFF CLUB 472 619-5947611 CA        07/19",-16.00,DEBIT_CARD,3804.00,,
DEBIT,07/22/2024,"SDSU 619-5941539 CA                          07/19",-7.42,DEBIT_CARD,3820.00,,
DEBIT,07/22/2024,"AZTEC MARKET BELL PAVI 619-5947611 CA        07/18",-1.39,DEBIT_CARD,3827.42,,
DEBIT,07/19/2024,"FACULTY STAFF CLUB 472 619-5947611 CA        07/17",-16.00,DEBIT_CARD,3828.81,,
DEBIT,07/18/2024,"TRADER JOE S #22 TRADE SAN DIEGO CA  529591  07/18",-4.49,DEBIT_CARD,3844.81,,
DEBIT,07/17/2024,"PETSMART # 2449 SAN DIEGO CA         371860  07/17",-19.37,DEBIT_CARD,3849.30,,
DEBIT,07/16/2024,"Zelle payment to Mara Paula vila Garca JPM99akdvw8c",-6.29,CHASE_TO_PARTNERFI,3868.67,,
DEBIT,07/16/2024,"COSTCO GAS #0488 SAN DIEGO CA        114469  07/15",-34.34,DEBIT_CARD,3874.96,,
DEBIT,07/16/2024,"COSTCO WHSE #0488 SAN DIEGO CA               07/15",-2.89,DEBIT_CARD,3909.30,,
DEBIT,07/15/2024,"RALPHS #0077 SAN DIEGO CA                    07/14",-16.30,DEBIT_CARD,3912.19,,
DEBIT,07/15/2024,"ROSS STORE #348 SAN DIEGO CA                 07/13",-8.29,DEBIT_CARD,3928.49,,
DEBIT,07/15/2024,"IN-N-OUT SDMISSIONVALL SAN DIEGO CA          07/12",-10.72,DEBIT_CARD,3936.78,,
DEBIT,07/15/2024,"CHEVRON 0097171 SAN DIEGO CA                 07/12",-10.22,DEBIT_CARD,3947.50,,
DEBIT,07/15/2024,"FACULTY STAFF CLUB 472 619-5947611 CA        07/12",-16.00,DEBIT_CARD,3957.72,,
CREDIT,07/15/2024,"PAYROLL ST OF CA CA PAYROLL                 PPD ID: 9111113698",954.40,ACH_CREDIT,3973.72,,
DEBIT,07/10/2024,"SDSU BOOKSTORE 304 SAN DIEGO CA              07/08",-10.78,DEBIT_CARD,3019.32,,
DEBIT,07/10/2024,"AZTEC MARKET BELL PAVI 619-5947611 CA        07/08",-7.99,DEBIT_CARD,3030.10,,
DSLIP,07/10/2024,"REMOTE ONLINE DEPOSIT #          1",2337.67,CHECK_DEPOSIT,3038.09,1,
DEBIT,07/09/2024,"SDSUWEBPAYMENT   WEBPAY     827779167       WEB ID: 1330373293",-7.42,ACH_DEBIT,700.42,,
DEBIT,07/09/2024,"OLIVE GARDEN ZK 0021358 SAN DIEGO CA         07/08",-20.29,DEBIT_CARD,707.84,,
DEBIT,07/08/2024,"Online Transfer to  SAV ...9000 transaction#: 21021998551",-500.00,ACCT_XFER,728.13,,
DEBIT,07/08/2024,"Zelle payment to Juancho 21330876488",-2000.00,QUICKPAY_DEBIT,1228.13,,
DEBIT,07/08/2024,"ROSS STORE #348 SAN DIEGO CA                 07/06",-50.62,DEBIT_CARD,3228.13,,
DEBIT,07/08/2024,"AZTEC MARKET BELL PAVI 619-5947611 CA        07/05",-2.69,DEBIT_CARD,3278.75,,
CREDIT,07/08/2024,"Online Transfer from SAV ...9000 transaction#: 21330867136",2000.00,ACCT_XFER,3281.44,,
DEBIT,07/05/2024,"TRADER JOE S #224 SAN DIEGO CA               07/03",-3.48,DEBIT_CARD,1281.44,,
DEBIT,07/03/2024,"ROSS STORE #348 SAN DIEGO CA                 07/02",-9.68,DEBIT_CARD,1284.92,,
DEBIT,07/03/2024,"FACULTY STAFF CLUB 472 619-5947611 CA        07/01",-16.00,DEBIT_CARD,1294.60,,
DEBIT,07/02/2024,"RALPHS #0077 SAN DIEGO CA                    07/01",-18.36,DEBIT_CARD,1310.60,,
DEBIT,07/01/2024,"Zelle payment to Juancho 21274974909",-3000.00,QUICKPAY_DEBIT,1328.96,,
CREDIT,07/01/2024,"Online Transfer from SAV ...9000 transaction#: 21274969837",1000.00,ACCT_XFER,4328.96,,
CREDIT,07/01/2024,"PAYROLL ST OF CA CA PAYROLL                 PPD ID: 9111113698",2498.21,ACH_CREDIT,3328.96,,
DEBIT,06/28/2024,"RALPHS #0077 SAN DIEGO CA                    06/26",-2.54,DEBIT_CARD,830.75,,
DEBIT,06/26/2024,"AZTEC MARKET BELL PAVI 619-5947611 CA        06/24",-9.38,DEBIT_CARD,833.29,,
DEBIT,06/20/2024,"AZTEC MARKET BELL PAVI 619-5947611 CA        06/18",-1.39,DEBIT_CARD,842.67,,
DEBIT,06/10/2024,"RALPHS #0077 SAN DIEGO CA                    06/09",-24.98,DEBIT_CARD,844.06,,
DEBIT,06/10/2024,"RALPHS #0077 SAN DIEGO CA                    06/08",-29.80,DEBIT_CARD,869.04,,
DEBIT,06/10/2024,"FACULTY STAFF CLUB 472 619-5947611 CA        06/07",-15.00,DEBIT_CARD,898.84,,
DEBIT,06/10/2024,"AZTEC MARKET BELL PAVI 619-5947611 CA        06/06",-1.39,DEBIT_CARD,913.84,,
CREDIT,06/10/2024,"Online Transfer from SAV ...9000 transaction#: 21045113528",500.00,ACCT_XFER,915.23,,
DEBIT,06/07/2024,"Online Transfer to  SAV ...9000 transaction#: 20712162103",-500.00,ACCT_XFER,415.23,,
DEBIT,06/07/2024,"ROSS STORE #348 SAN DIEGO CA                 06/06",-25.28,DEBIT_CARD,915.23,,
DEBIT,06/06/2024,"TAPIOCA EXPRESS SAN DIEGO CA                 06/04",-5.45,DEBIT_CARD,940.51,,
DEBIT,06/06/2024,"FACULTY STAFF CLUB 472 619-5947611 CA        06/04",-33.00,DEBIT_CARD,945.96,,
DEBIT,06/05/2024,"ROSS STORE #348 SAN DIEGO CA                 06/04",-4.30,DEBIT_CARD,978.96,,
DEBIT,06/05/2024,"T.J. MAXX #1476 SAN DIEGO CA                 06/04",-11.29,DEBIT_CARD,983.26,,
DEBIT,05/31/2024,"Zelle payment to Juancho 20951489818",-2000.00,QUICKPAY_DEBIT,994.55,,
DEBIT,05/31/2024,"FACULTY STAFF CLUB 472 619-5947611 CA        05/29",-15.00,DEBIT_CARD,2994.55,,
CREDIT,05/31/2024,"PAYROLL ST OF CA CA PAYROLL                 PPD ID: 9111113698",2498.21,ACH_CREDIT,3009.55,,
DEBIT,05/30/2024,"AZTEC MARKET BELL PAVI 619-5947611 CA        05/28",-7.99,DEBIT_CARD,511.34,,
DEBIT,05/28/2024,"URGENT CARE AND MORE SAN DIEGO CA            05/26",-15.00,DEBIT_CARD,519.33,,
DEBIT,05/28/2024,"AZTEC MARKET BELL PAVI 619-5947611 CA        05/23",-5.69,DEBIT_CARD,534.33,,
DEBIT,05/24/2024,"TST* BCB CAFE - UCSD - San Diego CA          05/23",-4.50,DEBIT_CARD,540.02,,
DEBIT,05/23/2024,"RUBIO'S #190 SAN DIEGO CA                    05/22",-14.31,DEBIT_CARD,544.52,,
DEBIT,05/22/2024,"AZTEC MARKET BELL PAVI 619-5947611 CA        05/20",-2.69,DEBIT_CARD,558.83,,
DEBIT,05/17/2024,"ROSS STORE #348 SAN DIEGO CA                 05/16",-39.85,DEBIT_CARD,561.52,,
DEBIT,05/17/2024,"TST* BCB CAFE - UCSD - San Diego CA          05/16",-4.50,DEBIT_CARD,601.37,,
DEBIT,05/15/2024,"RUBIO'S #190 SAN DIEGO CA                    05/14",-10.49,DEBIT_CARD,605.87,,
DEBIT,05/08/2024,"Online Transfer to  SAV ...9000 transaction#: 20403538691",-500.00,ACCT_XFER,616.36,,
DEBIT,05/06/2024,"Zelle payment to Juancho 20678815494",-2000.00,QUICKPAY_DEBIT,1116.36,,
DEBIT,05/06/2024,"AMERICAN AI 00106503564 CHICAGO IL           05/03",-79.00,DEBIT_CARD,3116.36,,
DEBIT,05/06/2024,"BJ MARKET K15 ORD CHICAGO IL                 05/03",-4.58,DEBIT_CARD,3195.36,,
DEBIT,05/06/2024,"BRIOCHE DOREE K-15 ORD CHICAGO IL            05/03",-2.85,DEBIT_CARD,3199.94,,
DEBIT,05/02/2024,"Zelle payment to Hratch 20650982339",-38.50,QUICKPAY_DEBIT,3202.79,,
CREDIT,05/01/2024,"PAYROLL ST OF CA CA PAYROLL                 PPD ID: 9111113698",2499.07,ACH_CREDIT,3241.29,,
DEBIT,04/30/2024,"MARRIOTT 337H4 CAMBRI 617-494-6600 MA        04/29",-19.26,DEBIT_CARD,742.22,,
DEBIT,04/24/2024,"UCSD HDH 64 DEGREES LA JOLLA CA              04/23",-8.00,DEBIT_CARD,761.48,,
DEBIT,04/24/2024,"THE ART OF ESPRESSO LA JOLLA CA              04/23",-4.68,DEBIT_CARD,769.48,,
DEBIT,04/22/2024,"BURGER KING #16576 Q07 LA JOLLA CA           04/19",-4.19,DEBIT_CARD,774.16,,
DEBIT,04/19/2024,"RALPHS #0 5680 MISSION SAN DIEGO CA          04/19",-41.60,DEBIT_CARD,778.35,,
DEBIT,04/19/2024,"FACULTY STAFF CLUB 472 619-5947611 CA        04/17",-15.00,DEBIT_CARD,819.95,,
DEBIT,04/17/2024,"AZTEC MARKET BELL PAVI 619-5947611 CA        04/15",-2.99,DEBIT_CARD,834.95,,
DEBIT,04/16/2024,"Zelle payment to Juancho 20490123676",-2000.00,QUICKPAY_DEBIT,837.94,,
DEBIT,04/15/2024,"BURGER KING #16576 Q07 LA JOLLA CA           04/12",-7.41,DEBIT_CARD,2837.94,,
DEBIT,04/15/2024,"AZTEC MARKET BELL PAVI 619-5947611 CA        04/11",-2.49,DEBIT_CARD,2845.35,,
DEBIT,04/12/2024,"BURGER KING #16576 Q07 LA JOLLA CA           04/10",-8.93,DEBIT_CARD,2847.84,,
DEBIT,04/08/2024,"Online Transfer to  SAV ...9000 transaction#: 20095215759",-500.00,ACCT_XFER,2856.77,,
DEBIT,04/05/2024,"THE ART OF ESPRESSO LA JOLLA CA              04/04",-4.68,DEBIT_CARD,3356.77,,
DEBIT,04/03/2024,"SPRINKLES # 10108 LA JOLLA CA                04/02",-5.35,DEBIT_CARD,3361.45,,
DEBIT,04/03/2024,"URGENT CARE AND MORE SAN DIEGO CA            04/01",-15.00,DEBIT_CARD,3366.80,,
CREDIT,04/02/2024,"PAYROLL ST OF CA CA PAYROLL                 PPD ID: 9111113698",2391.69,ACH_CREDIT,3381.80,,
DEBIT,04/01/2024,"FOOD4LESS 7730 HAZARD SAN DIEGO CA           03/31",-16.55,DEBIT_CARD,990.11,,
DEBIT,03/29/2024,"Zelle payment to Daniel Caro 20302353432",-15.00,QUICKPAY_DEBIT,1006.66,,
DEBIT,03/29/2024,"THE GARDEN 475 619-5947611 CA                03/27",-17.00,DEBIT_CARD,1021.66,,
DEBIT,03/28/2024,"ROSS STORE #348 SAN DIEGO CA                 03/27",-25.83,DEBIT_CARD,1038.66,,
DEBIT,03/28/2024,"AZTEC MARKET BELL PAVI 619-5947611 CA        03/26",-3.59,DEBIT_CARD,1064.49,,
DEBIT,03/27/2024,"TST* JAMAL CHICKEN - SD San Diego CA         03/26",-8.61,DEBIT_CARD,1068.08,,
DEBIT,03/25/2024,"ROSS STORE #348 SAN DIEGO CA                 03/24",-16.82,DEBIT_CARD,1076.69,,
DEBIT,03/25/2024,"Zelle payment to Juancho 20244057387",-3000.00,QUICKPAY_DEBIT,1093.51,,
CREDIT,03/25/2024,"Online Transfer from SAV ...9000 transaction#: 20244083267",1000.00,ACCT_XFER,4093.51,,
DEBIT,03/20/2024,"TST* BABA'S PIZZA - SDS SAN DIEGO CA         03/19",-11.84,DEBIT_CARD,3093.51,,
DEBIT,03/20/2024,"FACULTY STAFF CLUB 472 619-5947611 CA        03/18",-15.00,DEBIT_CARD,3105.35,,
DEBIT,03/18/2024,"THE ART OF ESPRESSO LA JOLLA CA              03/15",-3.90,DEBIT_CARD,3120.35,,
DEBIT,03/13/2024,"RALPHS #0077 5680 MISS SAN DIEGO CA  408190  03/13",-13.57,DEBIT_CARD,3124.25,,
DEBIT,03/08/2024,"Online Transfer to  SAV ...9000 transaction#: 19806864046",-500.00,ACCT_XFER,3137.82,,
DEBIT,03/08/2024,"THE ART OF ESPRESSO LA JOLLA CA              03/07",-4.16,DEBIT_CARD,3637.82,,
DEBIT,03/08/2024,"AZTEC MARKET BELL PAVI 619-5947611 CA        03/06",-2.99,DEBIT_CARD,3641.98,,
DEBIT,03/07/2024,"RUBIO'S #165 LA JOLLA CA                     03/06",-10.66,DEBIT_CARD,3644.97,,
DEBIT,03/07/2024,"FACULTY STAFF CLUB 472 619-5947611 CA        03/05",-15.00,DEBIT_CARD,3655.63,,
CREDIT,03/06/2024,"PAYROLL ST OF CA CA PAYROLL                 PPD ID: 9111113698",917.81,ACH_CREDIT,3670.63,,
DEBIT,03/04/2024,"Zelle payment to Juancho 20035181922",-2300.00,QUICKPAY_DEBIT,2752.82,,
DEBIT,03/04/2024,"PETSMART # 2449 SAN DIEGO CA                 03/01",-24.77,DEBIT_CARD,5052.82,,
DEBIT,03/01/2024,"DOMINO'S 8596 SAN DIEGO CA                   02/29",-19.38,DEBIT_CARD,5077.59,,
CREDIT,03/01/2024,"PAYROLL ST OF CA CA PAYROLL                 PPD ID: 9111113698",2285.61,ACH_CREDIT,5096.97,,
DEBIT,02/29/2024,"BURGER KING #16576 Q07 LA JOLLA CA           02/27",-4.19,DEBIT_CARD,2811.36,,
DEBIT,02/28/2024,"AZTEC MARKET BELL PAVI 619-5947611 CA        02/26",-2.29,DEBIT_CARD,2815.55,,
DEBIT,02/26/2024,"Zelle payment to Daniel Caro 19977926524",-15.00,QUICKPAY_DEBIT,2817.84,,
DEBIT,02/22/2024,"Zelle payment to Daniel Caro 19941730825",-10.00,QUICKPAY_DEBIT,2832.84,,
DEBIT,02/22/2024,"THE ART OF ESPRESSO LA JOLLA CA              02/21",-2.60,DEBIT_CARD,2842.84,,
DEBIT,02/22/2024,"AZTEC MARKET ASU 802 619-5947611 CA          02/20",-1.99,DEBIT_CARD,2845.44,,
DEBIT,02/15/2024,"FACULTY STAFF CLUB 472 619-5947611 CA        02/13",-15.00,DEBIT_CARD,2847.43,,
DEBIT,02/14/2024,"ROSS STORE #348 SAN DIEGO CA                 02/13",-12.91,DEBIT_CARD,2862.43,,
DEBIT,02/13/2024,"RUBIO'S #190 SAN DIEGO CA                    02/12",-9.69,DEBIT_CARD,2875.34,,
DEBIT,02/12/2024,"FACULTY STAFF CLUB 472 619-5947611 CA        02/08",-15.00,DEBIT_CARD,2885.03,,
DEBIT,02/09/2024,"TST* BCB CAFE - UCSD - San Diego CA          02/08",-3.75,DEBIT_CARD,2900.03,,
DEBIT,02/08/2024,"Online Transfer to  SAV ...9000 transaction#: 19519552378",-500.00,ACCT_XFER,2903.78,,
DEBIT,02/08/2024,"TST* BCB CAFE - UCSD - San Diego CA          02/07",-3.75,DEBIT_CARD,3403.78,,
DEBIT,02/07/2024,"FACULTY STAFF CLUB 472 619-5947611 CA        02/05",-15.00,DEBIT_CARD,3407.53,,
CREDIT,02/07/2024,"PAYROLL ST OF CA CA PAYROLL                 PPD ID: 9111113698",1278.77,ACH_CREDIT,3422.53,,
DEBIT,02/01/2024,"Zelle payment to Juancho 19739384623",-2000.00,QUICKPAY_DEBIT,2143.76,,
CREDIT,01/31/2024,"PAYROLL ST OF CA CA PAYROLL                 PPD ID: 9111113698",2371.17,ACH_CREDIT,4143.76,,
DEBIT,01/29/2024,"Zelle payment to Mara Paula vila Garca JPM99a8jyyvk",-25.00,CHASE_TO_PARTNERFI,1772.59,,
DEBIT,01/29/2024,"FACULTY STAFF CLUB 472 619-5947611 CA        01/25",-15.00,DEBIT_CARD,1797.59,,
DEBIT,01/24/2024,"TST* BCB CAFE - UCSD - San Diego CA          01/23",-4.50,DEBIT_CARD,1812.59,,
DEBIT,01/22/2024,"BLUE PEPPER ASIAN CUISI LA JOLLA CA          01/19",-13.95,DEBIT_CARD,1817.09,,
DEBIT,01/18/2024,"TARGET        00033696 LA JOLLA CA           01/17",-49.95,DEBIT_CARD,1831.04,,
DEBIT,01/18/2024,"UC SAN DIEGO BOOKSTORE LA JOLLA CA           01/18",-9.69,DEBIT_CARD,1880.99,,
DEBIT,01/18/2024,"UCSD STARBUCKS PRICE CT LA JOLLA CA          01/17",-7.83,DEBIT_CARD,1890.68,,
DEBIT,01/18/2024,"UCSD STARBUCKS PRICE CT LA JOLLA CA          01/17",-4.81,DEBIT_CARD,1898.51,,
DEBIT,01/08/2024,"Online Transfer to  SAV ...9000 transaction#: 19230798478",-500.00,ACCT_XFER,1903.32,,
DEBIT,01/02/2024,"Zelle payment to Juancho 19446314215",-3000.00,QUICKPAY_DEBIT,2403.32,,
CREDIT,01/02/2024,"PAYROLL ST OF CA CA PAYROLL                 PPD ID: 9111113698",2379.67,ACH_CREDIT,5403.32,,
DEBIT,12/18/2023,"472 FACULTY STAFF CLUB SAN DIEGO CA          12/15",-15.00,DEBIT_CARD,3023.65,,
DEBIT,12/08/2023,"Online Transfer to  SAV ...9000 transaction#: 18949422374",-500.00,ACCT_XFER,3038.65,,
DEBIT,12/07/2023,"Zelle payment to Juancho 19222935581",-3000.00,QUICKPAY_DEBIT,3538.65,,
DEBIT,12/07/2023,"PANDA EXPRESS 885 SAN DIEGO CA               12/06",-10.56,DEBIT_CARD,6538.65,,
DEBIT,12/06/2023,"MTS- PRONTO SAN DIEGO CA                     12/04",-2.50,DEBIT_CARD,6549.21,,
DEBIT,12/06/2023,"805 AZ MKT SAN DIEGO CA                      12/04",-2.99,DEBIT_CARD,6551.71,,
DEBIT,12/04/2023,"MTS- PRONTO SAN DIEGO CA                     12/01",-2.50,DEBIT_CARD,6554.70,,
CREDIT,12/04/2023,"ATM CASH DEPOSIT 12/04 SDSU East Commons Cafe SAN DIEGO CA",560.00,ATM,6557.20,,
CREDIT,12/01/2023,"PAYROLL ST OF CA CA PAYROLL                 PPD ID: 9111113698",2425.53,ACH_CREDIT,5997.20,,
DEBIT,11/20/2023,"472 FACULTY STAFF CLUB SAN DIEGO CA          11/17",-15.00,DEBIT_CARD,3571.67,,
DEBIT,11/15/2023,"TRADER JOE S #22 TRADE SAN DIEGO CA  756959  11/15",-4.49,DEBIT_CARD,3586.67,,
DEBIT,11/13/2023,"M&M MARKET SAN DIEGO CA                      11/11",-2.59,DEBIT_CARD,3591.16,,
DEBIT,11/08/2023,"Online Transfer to  SAV ...9000 transaction#: 18646984904",-500.00,ACCT_XFER,3593.75,,
DEBIT,11/06/2023,"472 FACULTY STAFF CLUB SAN DIEGO CA          11/03",-15.00,DEBIT_CARD,4093.75,,
CREDIT,11/06/2023,"PAYROLL ST OF CA CA PAYROLL                 PPD ID: 9111113698",2392.56,ACH_CREDIT,4108.75,,
DEBIT,11/03/2023,"MTS- PRONTO SAN DIEGO CA                     11/01",-2.50,DEBIT_CARD,1716.19,,
DEBIT,11/01/2023,"Zelle payment to Juancho 18889266511",-2000.00,QUICKPAY_DEBIT,1718.69,,
CREDIT,11/01/2023,"PAYROLL ST OF CA CA PAYROLL                 PPD ID: 9111113698",2598.79,ACH_CREDIT,3718.69,,
CREDIT,11/01/2023,"ATM CASH DEPOSIT 11/01 SDSU East Commons Cafe SAN DIEGO CA",80.00,ATM,1119.90,,
CREDIT,11/01/2023,"ATM CASH DEPOSIT 11/01 SDSU East Commons Cafe SAN DIEGO CA",460.00,ATM,1039.90,,
CREDIT,10/31/2023,"Online Transfer from SAV ...9000 transaction#: 18870705974",500.00,ACCT_XFER,579.90,,
DEBIT,10/30/2023,"Zelle payment to Juancho 18862283945",-2000.00,QUICKPAY_DEBIT,79.90,,
DEBIT,10/13/2023,"Zelle payment to Daniel Caro 18715335049",-15.00,QUICKPAY_DEBIT,2079.90,,
DEBIT,10/06/2023,"Online Transfer to  SAV ...9000 transaction#: 18388131521",-500.00,ACCT_XFER,2094.90,,
DEBIT,10/02/2023,"Zelle payment to Daniel Caro 18610601060",-63.00,QUICKPAY_DEBIT,2594.90,,
DEBIT,10/02/2023,"Zelle payment to Juancho 18600020428",-2000.00,QUICKPAY_DEBIT,2657.90,,
DEBIT,10/02/2023,"USPS PO 05673801 2150 SAN DIEGO CA   812147  09/30",-1.25,DEBIT_CARD,4657.90,,
DEBIT,10/02/2023,"ATM WITHDRAWAL                       006209  09/301370 FRAZ",-30.00,ATM,4659.15,,
DEBIT,10/02/2023,"TARGET        00014100 SAN DIEGO CA          09/29",-44.77,DEBIT_CARD,4689.15,,
DEBIT,10/02/2023,"Subway 57844 San Diego CA                    09/29",-8.39,DEBIT_CARD,4733.92,,
CREDIT,10/02/2023,"PAYROLL ST OF CA CA PAYROLL                 PPD ID: 9111113698",2308.35,ACH_CREDIT,4742.31,,
DEBIT,09/29/2023,"WEST COAST OBGYN INC SAN DIEGO CA            09/29",-15.00,DEBIT_CARD,2433.96,,
DEBIT,09/28/2023,"RALPHS #0 5680 MISSION SAN DIEGO CA          09/27",-15.33,DEBIT_CARD,2448.96,,
DEBIT,09/28/2023,"472 FACULTY STAFF CLUB SAN DIEGO CA          09/27",-15.00,DEBIT_CARD,2464.29,,
DEBIT,09/26/2023,"IN N OUT BURGER 128 SAN DIEGO CA             09/24",-3.12,DEBIT_CARD,2479.29,,
DEBIT,09/26/2023,"IN N OUT BURGER 128 SAN DIEGO CA             09/24",-8.73,DEBIT_CARD,2482.41,,
DEBIT,09/25/2023,"CVS/PHARMACY #09 09963 San Diego CA  019977  09/25",-55.34,DEBIT_CARD,2491.14,,
DEBIT,09/25/2023,"FOOD4LESS 7730 HAZARD SAN DIEGO CA           09/25",-57.73,DEBIT_CARD,2546.48,,
DEBIT,09/21/2023,"PANDA EXPRESS 885 SAN DIEGO CA               09/20",-10.56,DEBIT_CARD,2604.21,,
DEBIT,09/18/2023,"COSTCO WHSE #0488 SAN DIEGO CA       422729  09/16",-1.73,DEBIT_CARD,2614.77,,
DEBIT,09/15/2023,"MTS- PRONTO SAN DIEGO CA                     09/13",-2.50,DEBIT_CARD,2616.50,,
CREDIT,09/15/2023,"SDSU FOUNDATION  INVOICE                    PPD ID: 9892782001",350.00,ACH_CREDIT,2619.00,,
DEBIT,09/13/2023,"KUMARA PRATHIPATI MD I 619-2863222 CA        09/11",-15.00,DEBIT_CARD,2269.00,,
DEBIT,09/13/2023,"MTS- PRONTO SAN DIEGO CA                     09/11",-2.50,DEBIT_CARD,2284.00,,
DEBIT,09/08/2023,"Online Transfer to  SAV ...9000 transaction#: 18114845268",-500.00,ACCT_XFER,2286.50,,
DEBIT,09/05/2023,"Zelle payment to Juancho 18334621815",-2000.00,QUICKPAY_DEBIT,2786.50,,
DEBIT,09/01/2023,"PANDA EXPRESS 885 SAN DIEGO CA               08/31",-8.94,DEBIT_CARD,4786.50,,
CREDIT,09/01/2023,"PAYROLL ST OF CA CA PAYROLL                 PPD ID: 9111113698",922.00,ACH_CREDIT,4795.44,,
CREDIT,09/01/2023,"PAYROLL ST OF CA CA PAYROLL                 PPD ID: 9111113698",2030.93,ACH_CREDIT,3873.44,,
DEBIT,08/30/2023,"7-ELEVEN SAN DIEGO CA                        08/30",-2.38,DEBIT_CARD,1842.51,,
DEBIT,08/30/2023,"805 AZ MKT SAN DIEGO CA                      08/28",-7.99,DEBIT_CARD,1844.89,,
DEBIT,08/29/2023,"KUMARA PRATHIPATI MD I 619-2863222 CA        08/28",-15.00,DEBIT_CARD,1852.88,,
DEBIT,08/28/2023,"805 AZ MKT SAN DIEGO CA                      08/25",-1.19,DEBIT_CARD,1867.88,,
DEBIT,08/24/2023,"805 AZ MKT SAN DIEGO CA                      08/22",-4.88,DEBIT_CARD,1869.07,,
DEBIT,08/17/2023,"Subway 57844 San Diego CA                    08/16",-8.82,DEBIT_CARD,1873.95,,
DEBIT,08/16/2023,"KUMARA PRATHIPATI MD I 619-2863222 CA        08/15",-15.00,DEBIT_CARD,1882.77,,
CREDIT,08/15/2023,"Zelle payment from GEORGINA G CANTO ENCALADA USBoykteLPvb",1.00,PARTNERFI_TO_CHASE,1897.77,,
DEBIT,08/14/2023,"USPS CHANGE OF ADDRES 800-238-3150 TN        08/13",-1.10,DEBIT_CARD,1896.77,,
DEBIT,08/11/2023,"472 FACULTY STAFF CLUB SAN DIEGO CA          08/10",-78.00,DEBIT_CARD,1897.87,,
DEBIT,08/08/2023,"Online Transfer to SAV ...9000 transaction#: 18114845242",-500.00,ACCT_XFER,1975.87,,
DEBIT,08/08/2023,"FEDERAL INTEREST WITHHELD",-48.00,MISC_DEBIT,2475.87,,
CREDIT,08/08/2023,"$200 for New Checking",200.00,MISC_CREDIT,2523.87,,
DEBIT,08/07/2023,"WWW.MAJEST* WWW.MAJE WWW.MAJESTYIN CA        08/04",-48.00,DEBIT_CARD,2323.87,,
DEBIT,08/07/2023,"805 AZ MKT SAN DIEGO CA                      08/04",-2.29,DEBIT_CARD,2371.87,,
